@online{satishgunjal-kmeans-tutorial,
  author = {Satish Gunjal},
  title = {Tutorial - K Means Clustering},
  year = {2019},
  url = {https://www.kaggle.com/code/satishgunjal/tutorial-k-means-clustering/notebook},
  urldate = {2022-04-04}
}

@online{scikit-learn-clustering,
  author = {{scikit-learn contributors}},
  title = {Clustering},
  year = {2021},
  url = {https://scikit-learn.org/stable/modules/clustering.html},
  urldate = {2022-04-04}
}


@Manual{Plotly,
  title = {{Plotly}: The front-end for {MATLAB}, {Python}, and {R} graphics},
  author = {{Plotly Technologies Inc.}},
  organization = {{Plotly Technologies Inc.}},
  year = {2015},
  note = {\url{https://plotly.com/}}
}

@Article{Matplotlib,
  title = {{Matplotlib}: A 2D graphics environment},
  author = {Hunter, John D.},
  journal = {Computing in Science \& Engineering},
  volume = {9},
  number = {3},
  pages = {90--95},
  year = {2007},
  publisher = {{IEEE}},
  doi = {10.1109/MCSE.2007.55}
}

@misc{Dua2019,
  author = {Dua, Dheeru and Graff, Casey},
  title = {UCI Machine Learning Repository},
  year = {2019},
  url = {http://archive.ics.uci.edu/ml/index.php},
  institution = {University of California, Irvine, School of Information and Computer Sciences}
}

@online{medium_kmeans,
  author = {Shubham Pachori},
  title = {K-Means Clustering on High-Dimensional Data},
  year = {2021},
  url = {https://medium.com/swlh/k-means-clustering-on-high-dimensional-data-d2151e1a4240},
  urldate = {2022-03-28}
}
